<record><leader>00000cas a2200000 a 4500</leader><controlfield tag="001">37967477</controlfield><controlfield tag="008">971119d18uu1uuumiuwr n       0    0eng c</controlfield><datafield ind1=" " ind2=" " tag="010"><subfield code="a">sn 97070772 </subfield></datafield><datafield ind1=" " ind2=" " tag="040"><subfield code="a">MHN</subfield><subfield code="b">eng</subfield><subfield code="c">MHN</subfield><subfield code="d">OCL</subfield><subfield code="d">MHN</subfield><subfield code="d">OCLCQ</subfield><subfield code="d">OCLCF</subfield><subfield code="d">OCLCO</subfield></datafield><datafield ind1="1" ind2=" " tag="029"><subfield code="a">AU@</subfield><subfield code="b">000013618532</subfield></datafield><datafield ind1=" " ind2=" " tag="042"><subfield code="a">pcc</subfield></datafield><datafield ind1=" " ind2=" " tag="043"><subfield code="a">n-us-mi</subfield></datafield><datafield ind1="0" ind2=" " tag="130"><subfield code="a">Flint globe (Flint, Mich. : 1873)</subfield></datafield><datafield ind1="1" ind2="4" tag="245"><subfield code="a">The Flint globe.</subfield></datafield><datafield ind1=" " ind2=" " tag="260"><subfield code="a">Flint, Mich. :</subfield><subfield code="b">A.L. Aldrich</subfield></datafield><datafield ind1=" " ind2=" " tag="300"><subfield code="a">v.</subfield></datafield><datafield ind1=" " ind2=" " tag="310"><subfield code="a">Weekly</subfield></datafield><datafield ind1=" " ind2=" " tag="588"><subfield code="a">Description based on: Vol. 8, no. 7 (Oct. 9, 1873).</subfield></datafield><datafield ind1=" " ind2="0" tag="651"><subfield code="a">Flint (Mich.)</subfield><subfield code="v">Newspapers.</subfield></datafield><datafield ind1=" " ind2="0" tag="651"><subfield code="a">Genesee County (Mich.)</subfield><subfield code="v">Newspapers.</subfield></datafield><datafield ind1=" " ind2="7" tag="655"><subfield code="a">Newspapers.</subfield><subfield code="2">fast</subfield><subfield code="0">(OCoLC)fst01423814</subfield></datafield><datafield ind1=" " ind2="7" tag="651"><subfield code="a">Michigan</subfield><subfield code="z">Flint.</subfield><subfield code="2">fast</subfield><subfield code="0">(OCoLC)fst01223011</subfield></datafield><datafield ind1=" " ind2="7" tag="651"><subfield code="a">Michigan</subfield><subfield code="z">Genesee County.</subfield><subfield code="2">fast</subfield><subfield code="0">(OCoLC)fst01214779</subfield></datafield><datafield ind1=" " ind2=" " tag="752"><subfield code="a">United States</subfield><subfield code="b">Michigan</subfield><subfield code="c">Genesee</subfield><subfield code="d">Flint.</subfield></datafield><datafield ind1="1" ind2=" " tag="775"><subfield code="t">Flint globe (Flint, Mich. : Daily)</subfield><subfield code="w">(DLC)sn 96076890</subfield><subfield code="w">(OCoLC)35157045</subfield></datafield><datafield ind1="1" ind2=" " tag="775"><subfield code="t">Flint globe (Flint, Mich. : Semiweekly)</subfield><subfield code="w">(DLC)sn 96076889</subfield><subfield code="w">(OCoLC)35157130</subfield></datafield><datafield ind1="0" ind2=" " tag="775"><subfield code="t">Flint tri-weekly globe</subfield><subfield code="w">(DLC)sn2001063766</subfield><subfield code="w">(OCoLC)48135439</subfield></datafield><datafield ind1="0" ind2=" " tag="775"><subfield code="t">Flint daily globe (Flint, Mich. : 1895)</subfield><subfield code="w">(DLC)sn2001063768</subfield><subfield code="w">(OCoLC)48135398</subfield></datafield></record>